<record><leader>00000cas a22000007a 4500</leader><controlfield tag="001">9891874</controlfield><controlfield tag="008">830909c19499999deuwr ne      0   a0eng d</controlfield><datafield ind1=" " ind2=" " tag="010"><subfield code="a">sn 83002510 </subfield></datafield><datafield ind1=" " ind2=" " tag="040"><subfield code="a">NSD</subfield><subfield code="b">eng</subfield><subfield code="c">NSD</subfield><subfield code="d">DEX</subfield><subfield code="d">GUA</subfield><subfield code="d">OCLCQ</subfield></datafield><datafield ind1=" " ind2=" " tag="012"><subfield code="l">1</subfield><subfield code="m">1</subfield></datafield><datafield ind1="1" ind2=" " tag="022"><subfield code="a">0740-2023</subfield><subfield code="l">0740-2023</subfield><subfield code="2">1</subfield></datafield><datafield ind1=" " ind2=" " tag="032"><subfield code="a">151860</subfield><subfield code="b">USPS</subfield></datafield><datafield ind1=" " ind2=" " tag="037"><subfield code="b">Delaware Coast Press, POB 309, Rehoboth Beach, DE, 19971</subfield></datafield><datafield ind1=" " ind2=" " tag="042"><subfield code="a">nsdp</subfield></datafield><datafield ind1=" " ind2="0" tag="222"><subfield code="a">Delaware coast press</subfield></datafield><datafield ind1="0" ind2="0" tag="245"><subfield code="a">Delaware coast press.</subfield></datafield><datafield ind1="3" ind2="0" tag="246"><subfield code="a">Coast Press</subfield></datafield><datafield ind1=" " ind2=" " tag="260"><subfield code="a">Rehoboth Beach, Del. :</subfield><subfield code="b">Fried Pub.</subfield></datafield><datafield ind1=" " ind2=" " tag="310"><subfield code="a">Weekly,</subfield><subfield code="b">July 2, 1986-</subfield></datafield><datafield ind1=" " ind2=" " tag="321"><subfield code="a">Weekly,</subfield><subfield code="b">1949-Sept. 25, 1985</subfield></datafield><datafield ind1=" " ind2=" " tag="321"><subfield code="a">Semiweekly,</subfield><subfield code="b">Oct. 2, 1985-June 28, 1986</subfield></datafield><datafield ind1="1" ind2=" " tag="362"><subfield code="a">Began in 1949.</subfield></datafield><datafield ind1=" " ind2=" " tag="500"><subfield code="a">Published as: Coast press, July 22, 1981-Sept. 29, 1982.</subfield></datafield><datafield ind1=" " ind2=" " tag="588"><subfield code="a">Description based on: Vol. 55, no. 15 (Feb. 4, 1954).</subfield></datafield><datafield ind1=" " ind2=" " tag="752"><subfield code="a">United States</subfield><subfield code="b">Delaware</subfield><subfield code="c">Sussex</subfield><subfield code="d">Rehoboth Beach.</subfield></datafield><datafield ind1="0" ind2="0" tag="780"><subfield code="t">Public press and the Delaware coast news</subfield><subfield code="w">(DLC)sn 88053143</subfield></datafield><datafield ind1=" " ind2=" " tag="936"><subfield code="a">Aug. 24, 1983</subfield></datafield></record>